

@online{ref_web,
  author  = {Konica Minolta.},  
  title   = {Radiómetros y Fotómetros.},
  year    = {2020},
  url     = "https://sensing.konicaminolta.us/mx/learning-center/light-measurement/radiometers-photometers/",  
  note = {Último acceso: 10-09-2020} 
}

@Article{ref_articulo,
    AUTHOR = {Panahi, Abbas and Sadighbayan, Deniz and Forouhi, Saghi and Ghafar-Zadeh, Ebrahim},
    TITLE = {Recent Advances of Field-Effect Transistor Technology for Infectious Diseases},
    JOURNAL = {Biosensors},
    VOLUME = {11},
    YEAR = {2021},
    NUMBER = {4},
    ARTICLE-NUMBER = {103},
    URL = {https://www.mdpi.com/2079-6374/11/4/103},
    PubMedID = {33918325},
    ISSN = {2079-6374},
    DOI = {10.3390/bios11040103}
}


@book{ref_libro,
  author = {Albert Malvino and David Bates},
  year = {2007},
  title = {Principios de Electrónica},
  publisher = {Mc Graw Hill Education},
  ISBN = {978-8448156190},
  edition = {7}
}



@Comment{jabref-meta: databaseType:bibtex;}
